
%%%%%%%%%%%%%%%%%%%%%%%%%%%%%%%%%%%%%%%%%%%%%%%%%%%%%%%%%%%%%%%%%%%%%%%%%%%%%%%%%
% LHC luminosity
@TECHREPORT{ATLAS-CONF-2019-021,
     author        = "{ATLAS Collaboration}",
     collaboration = "ATLAS",
     title         = "{Luminosity determination in $\Pp\Pp$ collisions at $\sqrt{s}=13$~\TeV using the ATLAS detector at the LHC}",
     URL           = "{ATLAS-CONF-2019-021}",
     type          = "{ATLAS CONF Note}",
     reportNumber  = "ATLAS-CONF-2019-021",
     year          = "ATLAS-CONF-2019-021",
     SLACcitation  = "%%CITATION = ATLAS-CONF-2019-021;%%"
}
@TECHREPORT{LUM-17-001,
     author        = "{CMS Collaboration}",
     collaboration = "CMS",
     title         = "{CMS} luminosity measurements for the 2016 data-taking period",
     URL           = "{http://cds.cern.ch/record/2257069}",
     type          = "{CMS Physics Analysis Summary}",
     reportNumber        = "CMS-PAS-LUM-17-001",
     year          = "CMS-PAS-LUM-17-001",
     SLACcitation  = "%%CITATION = CMS-PAS-LUM-17-001;%%"
}
@TECHREPORT{LUM-17-004,
     author        = "{CMS Collaboration}",
     collaboration = "CMS",
     title         = "{CMS} luminosity measurement for the 2017 data-taking 
                       period at {$\sqrt{s} = 13\TeV$}",
     URL           = "{http://cds.cern.ch/record/2621960}",
     type          = "{CMS Physics Analysis Summary}",
     reportNumber        = "CMS-PAS-LUM-17-004",
     year          = "CMS-PAS-LUM-17-004",
     SLACcitation  = "%%CITATION = CMS-PAS-LUM-17-004;%%"
}
@TECHREPORT{LUM-18-002,
     author        = "{CMS Collaboration}",
     collaboration = "CMS",
     title         = "{CMS} luminosity measurement for the 2018 data-taking
                       period at {$\sqrt{s} = 13\TeV$}",
     URL           = "{http://cds.cern.ch/record/2676164}",
     type          = "{CMS Physics Analysis Summary}",
     reportNumber        = "CMS-PAS-LUM-18-002",
     year          = "CMS-PAS-LUM-18-002",
     SLACcitation  = "%%CITATION = CMS-PAS-LUM-18-002;%%"
}
%%%%%%%%%%%%%%%%%%%%%%%%%%%%%%%%%%%%%%%%%%%%%%%%%%%%%%%%%%%%%%%%%%%%%%%%%%%%%%%%%

%%%%%%%%%%%%%%%%%%%%%%%%%%%%%%%%%%%%%%%%%%%%%%%%%%%%%%%%%%%%%%%%%%%%%%%%%%%%%%%%%
% Proton-proton inelastic scattering cross section
@article{Aaboud:2016mmw,
    author = "Aaboud, M. and others",
    collaboration = "ATLAS",
    title = "{Measurement of the inelastic proton-proton cross section at $\sqrt{s} = 13$~\TeV with the ATLAS Detector at the LHC}",
    eprint = "1606.02625",
    archivePrefix = "arXiv",
    primaryClass = "hep-ex",
    reportNumber = "CERN-EP-2016-140",
    doi = "10.1103/PhysRevLett.117.182002",
    journal = "Phys. Rev. Lett.",
    volume = "117",
    number = "18",
    pages = "182002",
    year = "2016"
}
article{Sirunyan:2018nqx,
    author = "Sirunyan, A.~M. and others",
    collaboration = "CMS",
    title = "{Measurement of the inelastic proton-proton cross section at $\sqrt{s}=13$~\TeV}",
    eprint = "1802.02613",
    archivePrefix = "arXiv",
    primaryClass = "hep-ex",
    reportNumber = "CMS-FSQ-15-005, CERN-EP-2018-004",
    doi = "10.1007/JHEP07(2018)161",
    journal = "JHEP",
    volume = "07",
    pages = "161",
    year = "2018"
}
%%%%%%%%%%%%%%%%%%%%%%%%%%%%%%%%%%%%%%%%%%%%%%%%%%%%%%%%%%%%%%%%%%%%%%%%%%%%%%%%%

%%%%%%%%%%%%%%%%%%%%%%%%%%%%%%%%%%%%%%%%%%%%%%%%%%%%%%%%%%%%%%%%%%%%%%%%%%%%%%%%%
% Monte Carlo generators
@article{Alwall:2014hca,
      author         = "Alwall, J. and Frederix, R. and Frixione, S. and Hirschi,
                        V. and Maltoni, F. and Mattelaer, O. and Shao, H. S. and
                        Stelzer, T. and Torrielli, P. and Zaro, M.",
      title          = "The automated computation of tree-level and
                        next-to-leading order differential cross sections, and
                        their matching to parton shower simulations",
      journal        = "JHEP",
      volume         = "07",
      year           = "2014",
      pages          = "079",
      doi            = "10.1007/JHEP07(2014)079",
      eprint         = "1405.0301",
      archivePrefix  = "arXiv",
      primaryClass   = "hep-ph",
      reportNumber   = "CERN-PH-TH-2014-064, CP3-14-18, LPN14-066, MCNET-14-09,
                        ZU-TH-14-14",
      SLACcitation   = "%%CITATION = ARXIV:1405.0301;%%"
}
@article{Sjostrand:2014zea,
      author         = "Sj{\"o}strand, T. and Ask, S. and Christiansen,
                        J.~R. and Corke, R. and Desai, N. and Ilten,
                        P. and Mrenna, S. and Prestel, S. and
                        Rasmussen, C.~O. and Skands, P.~Z.",
      title          = "An introduction to {\PYTHIA} $8.2$",
      journal        = "Comput. Phys. Commun.",
      volume         = "191",
      year           = "2015",
      pages          = "159",
      doi            = "10.1016/j.cpc.2015.01.024",
      eprint         = "1410.3012",
      archivePrefix  = "arXiv",
      primaryClass   = "hep-ph",
      reportNumber   = "LU-TP-14-36, MCNET-14-22, CERN-PH-TH-2014-190,
                        FERMILAB-PUB-14-316-CD, DESY-14-178, SLAC-PUB-16122",
      SLACcitation   = "%%CITATION = ARXIV:1410.3012;%%"
}
@article{Sirunyan:2019dfx,
      author = "Sirunyan, A.~M. and others",
      collaboration = "CMS",
      title = "Extraction and validation of a new set of {CMS} {\PYTHIA} $8$ from underlying-event measurements",
      eprint = "1903.12179",
      archivePrefix = "arXiv",
      primaryClass = "hep-ex",
      reportNumber = "CMS-GEN-17-001, CERN-EP-2019-007",
      doi = "10.1140/epjc/s10052-019-7499-4",
      journal = "Eur. Phys. J. C",
      volume = "80",
      number = "1",
      pages = "4",
      year = "2020"
}
@article{Alwall:2007fs,
      author         = "Alwall, Johan and others",
      title          = "Comparative study of various algorithms for the merging
                        of parton showers and matrix elements in hadronic
                        collisions",
      journal        = "Eur. Phys. J. C",
      volume         = "53",
      year           = "2008",
      pages          = "473",
      doi            = "10.1140/epjc/s10052-007-0490-5",
      eprint         = "0706.2569",
      archivePrefix  = "arXiv",
      primaryClass   = "hep-ph",
      reportNumber   = "SLAC-PUB-12604, CERN-PH-TH-2007-066, LU-TP-07-13,
                        KA-TP-06-2007, DCPT-07-62, IPPP-07-31",
      SLACcitation   = "%%CITATION = ARXIV:0706.2569;%%"
}
@article{Frederix:2012ps,
      author         = "Frederix, Rikkert and Frixione, Stefano",
      title          = "Merging meets matching in {MC@NLO}",
      journal        = "JHEP",
      volume         = "12",
      year           = "2012",
      pages          = "061",
      doi            = "10.1007/JHEP12(2012)061",
      eprint         = "1209.6215",
      archivePrefix  = "arXiv",
      primaryClass   = "hep-ph",
      reportNumber   = "CERN-PH-TH-2012-247, ZU-TH-21-12",
      SLACcitation   = "%%CITATION = ARXIV:1209.6215;%%"
}
%%%%%%%%%%%%%%%%%%%%%%%%%%%%%%%%%%%%%%%%%%%%%%%%%%%%%%%%%%%%%%%%%%%%%%%%%%%%%%%%%

%%%%%%%%%%%%%%%%%%%%%%%%%%%%%%%%%%%%%%%%%%%%%%%%%%%%%%%%%%%%%%%%%%%%%%%%%%%%%%%%%
% Standard Model cross sections at the LHC
@MISC{StandardModelCrossSections,
  NOTE="James Stirling, {\tt http://www.hep.ph.ic.ac.uk/~wstirlin/plots/plots.html}"
}
%%%%%%%%%%%%%%%%%%%%%%%%%%%%%%%%%%%%%%%%%%%%%%%%%%%%%%%%%%%%%%%%%%%%%%%%%%%%%%%%%

%%%%%%%%%%%%%%%%%%%%%%%%%%%%%%%%%%%%%%%%%%%%%%%%%%%%%%%%%%%%%%%%%%%%%%%%%%%%%%%%%
% Drell-Yan and W+jets cross sections computed with FEWZ
@article{Li:2012wna,
      author         = "Li, Ye and Petriello, Frank",
      title          = "Combining {QCD} and electroweak corrections to dilepton
                        production in {\textsc{FEWZ}}",
      journal        = "Phys. Rev. D",
      volume         = "86",
      year           = "2012",
      pages          = "094034",
      doi            = "10.1103/PhysRevD.86.094034",
      eprint         = "1208.5967",
      archivePrefix  = "arXiv",
      primaryClass   = "hep-ph",
      reportNumber   = "ANL-HEP-PR-12-68",
      SLACcitation   = "%%CITATION = ARXIV:1208.5967;%%"
}
%%%%%%%%%%%%%%%%%%%%%%%%%%%%%%%%%%%%%%%%%%%%%%%%%%%%%%%%%%%%%%%%%%%%%%%%%%%%%%%%%

%%%%%%%%%%%%%%%%%%%%%%%%%%%%%%%%%%%%%%%%%%%%%%%%%%%%%%%%%%%%%%%%%%%%%%%%%%%%%%%%%
% Analyses of SM single Higgs boson production by ATLAS and CMS
@article{ATLAS:2014aga,
    author = "Aad, Georges and others",
    collaboration = "ATLAS",
    title = "{Observation and measurement of Higgs boson decays to $\PW\PW^{*}$ with the ATLAS detector}",
    eprint = "1412.2641",
    archivePrefix = "arXiv",
    primaryClass = "hep-ex",
    reportNumber = "CERN-PH-EP-2014-270",
    doi = "10.1103/PhysRevD.92.012006",
    journal = "Phys. Rev. D",
    volume = "92",
    number = "1",
    pages = "012006",
    year = "2015"
}
@article{Aad:2015vsa,
    author = "Aad, Georges and others",
    collaboration = "ATLAS",
    title = "{Evidence for the Higgs-boson Yukawa coupling to tau leptons with the ATLAS detector}",
    eprint = "1501.04943",
    archivePrefix = "arXiv",
    primaryClass = "hep-ex",
    reportNumber = "CERN-PH-EP-2014-262",
    doi = "10.1007/JHEP04(2015)117",
    journal = "JHEP",
    volume = "04",
    pages = "117",
    year = "2015"
}
@article{CMS-HIG-13-004,
    author = "Chatrchyan, Serguei and others",
    collaboration = "CMS",
    title = "{Evidence for the $125$~\GeV Higgs boson decaying to a pair of $\Pgt$ leptons}",
    eprint = "1401.5041",
    archivePrefix = "arXiv",
    primaryClass = "hep-ex",
    reportNumber = "CMS-HIG-13-004, CERN-PH-EP-2014-001",
    doi = "10.1007/JHEP05(2014)104",
    journal = "JHEP",
    volume = "05",
    pages = "104",
    year = "2014"
}
@TECHREPORT{CMS-HIG-13-027,
     author        = "{CMS Collaboration}",
     collaboration = "CMS",
     title         = "{Search for the Standard Model Higgs boson in the $\PHiggs \to \PW\PW \to \Plepton\Pnu\textrm{jj}$ decay channel in $\Pp\Pp$ collisions at the LHC}"
     URL           = "{http://cds.cern.ch/record/1743804}",
     type          = "{CMS Physics Analysis Summary}",
     reportNumber  = "CMS-PAS-HIG-13-027",
     year          = "CMS-PAS-HIG-13-027",
     SLACcitation  = "%%CITATION = CMS-PAS-HIG-13-027;%%"
}
%%%%%%%%%%%%%%%%%%%%%%%%%%%%%%%%%%%%%%%%%%%%%%%%%%%%%%%%%%%%%%%%%%%%%%%%%%%%%%%%%

%%%%%%%%%%%%%%%%%%%%%%%%%%%%%%%%%%%%%%%%%%%%%%%%%%%%%%%%%%%%%%%%%%%%%%%%%%%%%%%%%
% Analyses of SM Higgs boson pair-production by ATLAS and CMS
@article{Aad:2019yxi,
    author = "Aad, Georges and others",
    collaboration = "ATLAS",
    title = "{Search for non-resonant Higgs boson pair production in the $\Pbottom\Pbottom\Plepton\Pnu\Plepton\Pnu$ final state with the ATLAS detector in $\Pp\Pp$ collisions at $\sqrt{s}=13$~\TeV}",
    eprint = "1908.06765",
    archivePrefix = "arXiv",
    primaryClass = "hep-ex",
    reportNumber = "CERN-EP-2019-143",
    doi = "10.1016/j.physletb.2019.135145",
    journal = "Phys. Lett. B",
    volume = "801",
    pages = "135145",
    year = "2020"
}
@article{Aaboud:2018zhh,
    author = "Aaboud, Morad and others",
    collaboration = "ATLAS",
    title = "{Search for Higgs boson pair production in the $\Pbottom\Pbottom\PW\PW^{*}$ decay mode at $\sqrt{s}=13$~\TeV with the ATLAS detector}",
    eprint = "1811.04671",
    archivePrefix = "arXiv",
    primaryClass = "hep-ex",
    reportNumber = "CERN-EP-2018-237",
    doi = "10.1007/JHEP04(2019)092",
    journal = "JHEP",
    volume = "04",
    pages = "092",
    year = "2019"
}
@article{Aaboud:2018sfw,
    author = "Aaboud, Morad and others",
    collaboration = "ATLAS",
    title = "{Search for resonant and non-resonant Higgs boson pair production in the $\Pbottom\Pbottom\Pgt^{+}\Pgt^{-}$ decay channel in $\Pp\Pp$ collisions at $\sqrt{s}=13$~\TeV with the ATLAS detector}",
    eprint = "1808.00336",
    archivePrefix = "arXiv",
    primaryClass = "hep-ex",
    reportNumber = "CERN-EP-2018-164",
    doi = "10.1103/PhysRevLett.121.191801",
    journal = "Phys. Rev. Lett.",
    volume = "121",
    number = "19",
    pages = "191801",
    year = "2018",
    note = "[Erratum: Phys.Rev.Lett. 122, 089901 (2019)]"
}
@article{Sirunyan:2017djm,
    author = "Sirunyan, A.~M. and others",
    collaboration = "CMS",
    title = "{Search for Higgs boson pair production in events with two bottom quarks and two tau leptons in proton-proton collisions at $\sqrt{s}=13$~\TeV}",
    eprint = "1707.02909",
    archivePrefix = "arXiv",
    primaryClass = "hep-ex",
    reportNumber = "CMS-HIG-17-002, CERN-EP-2017-126",
    doi = "10.1016/j.physletb.2018.01.001",
    journal = "Phys. Lett. B",
    volume = "778",
    pages = "101",
    year = "2018"
}
@article{CMS-HIG-17-006,
    author = "Sirunyan, A.~M. and others",
    collaboration = "CMS",
    title = "{Search for resonant and nonresonant Higgs boson pair production in the $\Pbottom\APbottom\Plepton\Pnu\Plepton\Pnu$ final state in proton-proton collisions at $\sqrt{s}=13$~\TeV}",
    eprint = "1708.04188",
    archivePrefix = "arXiv",
    primaryClass = "hep-ex",
    reportNumber = "CMS-HIG-17-006, CERN-EP-2017-168",
    doi = "10.1007/JHEP01(2018)054",
    journal = "JHEP",
    volume = "01",
    pages = "054",
    year = "2018"
}
%%%%%%%%%%%%%%%%%%%%%%%%%%%%%%%%%%%%%%%%%%%%%%%%%%%%%%%%%%%%%%%%%%%%%%%%%%%%%%%%%

%%%%%%%%%%%%%%%%%%%%%%%%%%%%%%%%%%%%%%%%%%%%%%%%%%%%%%%%%%%%%%%%%%%%%%%%%%%%%%%%%
% Technical design reports for HL-LHC upgrade
@article{TDR_Phase2_LHC,
      author         = "Apollinari, G. and B{\'e}jar Alonso, I. and Br{\"u}ning, O. and
                        Fessia, P. and Lamont, M. and Rossi, L. and Tavian, L.",
      title          = "{High-Luminosity Large Hadron Collider (HL-LHC)}",
      journal        = "CERN Yellow Rep. Monogr.",
      volume         = "4",
      year           = "2017",
      pages          = "1",
      doi            = "10.23731/CYRM-2017-004",
      reportNumber   = "CERN-2017-007-M",
      SLACcitation   = "%%CITATION = CERN-2017-007-M;%%"
}
%%%%%%%%%%%%%%%%%%%%%%%%%%%%%%%%%%%%%%%%%%%%%%%%%%%%%%%%%%%%%%%%%%%%%%%%%%%%%%%%%

%%%%%%%%%%%%%%%%%%%%%%%%%%%%%%%%%%%%%%%%%%%%%%%%%%%%%%%%%%%%%%%%%%%%%%%%%%%%%%%%%
% anti-kT jet reconstruction algorithm
@article{Cacciari:2008gp,
      author         = "Cacciari, M. and Salam, G. P. and Soyez, G.",
      title          = "The anti-\kt jet clustering algorithm",
      journal        = "JHEP",
      volume         = "04",
      year           = "2008",
      pages          = "063",
      doi            = "10.1088/1126-6708/2008/04/063",
      eprint         = "0802.1189",
      archivePrefix  = "arXiv",
      primaryClass   = "hep-ph",
      reportNumber   = "LPTHE-07-03",
      SLACcitation   = "%%CITATION = ARXIV:0802.1189;%%"
}
@article{Cacciari:2011ma,
      author         = "Cacciari, M. and Salam, G. P. and Soyez, G.",
      title          = "{FastJet} user manual",
      journal        = "Eur. Phys. J. C",
      volume         = "72",
      year           = "2012",
      pages          = "1896",
      doi            = "10.1140/epjc/s10052-012-1896-2",
      eprint         = "1111.6097",
      archivePrefix  = "arXiv",
      primaryClass   = "hep-ph",
      reportNumber   = "CERN-PH-TH-2011-297",
      SLACcitation   = "%%CITATION = ARXIV:1111.6097;%%"
}
%%%%%%%%%%%%%%%%%%%%%%%%%%%%%%%%%%%%%%%%%%%%%%%%%%%%%%%%%%%%%%%%%%%%%%%%%%%%%%%%%
